<?xml version="1.0" encoding="utf-8"?>
<record xmlns="http://www.loc.gov/MARC21/slim" xmlns:xsi="http://www.w3.org/2001/XMLSchema-instance" xsi:schemaLocation="http://www.loc.gov/MARC21/slim http://www.loc.gov/standards/marcxml/schema/MARC21slim.xsd">
	<leader>     nam a22     Mi 4500</leader>
	<controlfield tag="001">b12751364</controlfield>
	<controlfield tag="003">UaCaAUL</controlfield>
	<controlfield tag="006">m        d        </controlfield>
	<controlfield tag="007">cr cn |||m|||a</controlfield>
	<controlfield tag="008">190308s1924    ua a    ob    000 0 ara d</controlfield>
	<datafield ind1=" " ind2=" " tag="040">
		<subfield code="a">ZYU</subfield>
		<subfield code="b">ara</subfield>
		<subfield code="e">rda</subfield>
		<subfield code="c">ZYU</subfield>
	</datafield>
	<datafield ind1="0" ind2=" " tag="041">
		<subfield code="a">ara</subfield>
		<subfield code="b">fre</subfield>
	</datafield>
	<datafield ind1=" " ind2=" " tag="043">
		<subfield code="a">f-ua---</subfield>
	</datafield>
	<datafield ind1=" " ind2="4" tag="050">
		<subfield code="a">DT153.Q3</subfield>
		<subfield code="b">A85 1924</subfield>
	</datafield>
	<datafield ind1="1" ind2=" " tag="100">
		<subfield code="6">880-01</subfield>
		<subfield code="a">Aṣmaʻī, Muḥammad ʻAbd al-Jawwād.</subfield>
	</datafield>
	<datafield ind1="1" ind2="0" tag="245">
		<subfield code="6">880-02</subfield>
		<subfield code="a">Qalʻat Muḥammad ʻAlī, lā qalʻat Nāpuliyūn :</subfield>
		<subfield code="b">baḥth tārīkhī atharī /</subfield>
		<subfield code="c">bi-qalam Muḥammad ʻAbd al-Jawād al-Aṣmaʻī bi-Dār al-Kutub al-Miṣrīyah = Le Fort Méhémet-Ali : etude historique archéologique prouvant que c'est le Fort Méhémet-Ali et non Fort Napoléon / par Cheikh Mohamed Abdel-Gawad El Asmaï à la Bibliothèque Egyptienne.</subfield>
	</datafield>
	<datafield ind1="3" ind2="1" tag="246">
		<subfield code="a">Fort Méhémet-Ali :</subfield>
		<subfield code="b">etude historique archéologique prouvant que c'est le Fort Méhémet-Ali et non Fort Napoléon</subfield>
	</datafield>
	<datafield ind1=" " ind2="1" tag="264">
		<subfield code="6">880-03</subfield>
		<subfield code="a">al-Qāhirah :</subfield>
		<subfield code="b">Maṭbaʻat Dār al-Kutub al-Miṣrīyah bi-al-Qāhirah,</subfield>
		<subfield code="c">1342 H., 1924 M.</subfield>
	</datafield>
	<datafield ind1=" " ind2=" " tag="300">
		<subfield code="a">online resource (14, 103, 13 pages) :</subfield>
		<subfield code="b">illustrations, maps, portraits, facsimiles</subfield>
	</datafield>
	<datafield ind1=" " ind2=" " tag="336">
		<subfield code="a">text</subfield>
		<subfield code="2">rdacontent</subfield>
	</datafield>
	<datafield ind1=" " ind2=" " tag="337">
		<subfield code="a">computer</subfield>
		<subfield code="2">rdamedia</subfield>
	</datafield>
	<datafield ind1=" " ind2=" " tag="338">
		<subfield code="a">online resource</subfield>
		<subfield code="2">rdacarrier</subfield>
	</datafield>
	<datafield ind1=" " ind2=" " tag="500">
		<subfield code="a">Part of the Arabic Collections Online (ACO) project, contributed by American University in Cairo Library.</subfield>
	</datafield>
	<datafield ind1=" " ind2=" " tag="533">
		<subfield code="a">Electronic reproduction.</subfield>
		<subfield code="b">New York, N.Y. :</subfield>
		<subfield code="c">New York University,</subfield>
		<subfield code="d">2019.</subfield>
		<subfield code="5">NNU</subfield>
	</datafield>
	<datafield ind1=" " ind2=" " tag="546">
		<subfield code="a">Summary in French.</subfield>
	</datafield>
	<datafield ind1=" " ind2=" " tag="500">
		<subfield code="a">Title on added t.p.: le Fort Méhémet-Ali : etude historique archéologique prouvant que c'est le Fort Méhémet-Ali et non Fort Napoléon.</subfield>
	</datafield>
	<datafield ind1=" " ind2=" " tag="500">
		<subfield code="a">&quot;Muḥallá bi-nubdhah tārīkhīyah mumtiʻah ʻan al-madāris al-ḥarbīyah wa-al-maʻāmil al-ʻaskarīyah wa-ḥālat al-jaysh al-Miṣrī (al-barrī wa-baḥarī)--fī ʻahd &quot;Muḥammad ʻAlī&quot; / bi-qalam ḥaḍrat ṣāḥib al-sumuww al-amīr al-jalīl &quot;ʻUmar Ṭūsūn&quot;.</subfield>
	</datafield>
	<datafield ind1="1" ind2="0" tag="600">
		<subfield code="a">Ṭūsūn, ʻUmar,</subfield>
		<subfield code="c">Prince,</subfield>
		<subfield code="d">1872-1944.</subfield>
	</datafield>
	<datafield ind1="1" ind2="7" tag="600">
		<subfield code="a">Ṭūsūn, ʻUmar,</subfield>
		<subfield code="c">Prince,</subfield>
		<subfield code="d">1872-1944.</subfield>
		<subfield code="2">fast</subfield>
		<subfield code="0">(OCoLC)fst00140919</subfield>
	</datafield>
	<datafield ind1=" " ind2="0" tag="651">
		<subfield code="a">Qalʻat Muḥammad ʻAlī (Egypt)</subfield>
	</datafield>
	<datafield ind1="2" ind2=" " tag="710">
		<subfield code="a">American University in Cairo.</subfield>
		<subfield code="b">Library.</subfield>
	</datafield>
	<datafield ind1="0" ind2=" " tag="730">
		<subfield code="a">Arabic Collections Online.</subfield>
	</datafield>
	<datafield ind1="0" ind2="8" tag="776">
		<subfield code="i">Print version:</subfield>
		<subfield code="a">Aṣmaʻī, Muḥammad ʻAbd al-Jawwād.</subfield>
		<subfield code="t">Qalʻat Muḥammad ʻAlī, lā qalʻat Nāpuliyūn</subfield>
		<subfield code="w">(UaCaAUL)b12751364</subfield>
		<subfield code="w">(OCoLC)21120591</subfield>
	</datafield>
	<datafield ind1="4" ind2="0" tag="856">
		<subfield code="u">http://hdl.handle.net/2333.1/x69p8n49</subfield>
	</datafield>
	<datafield ind1="1" ind2=" " tag="880">
		<subfield code="6">100-01</subfield>
		<subfield code="a">اصمعي، محمد عبد الجواد</subfield>
	</datafield>
	<datafield ind1="1" ind2="0" tag="880">
		<subfield code="6">245-02</subfield>
		<subfield code="a">قلعة محمد علي، لا قلعة ناپلون :</subfield>
		<subfield code="b">بحث تاريخي أثري /</subfield>
		<subfield code="c">بقلم محمد عبد الجواد الأصمعي بدار الكتب المصرية.</subfield>
	</datafield>
	<datafield ind1=" " ind2="1" tag="880">
		<subfield code="6">264-03</subfield>
		<subfield code="a">القاهرة :</subfield>
		<subfield code="b">مطبعة دار الكتب المصرية بالقاهرة،</subfield>
		<subfield code="c">1342 ه.، 1924 م.</subfield>
	</datafield>
	<datafield ind1=" " ind2=" " tag="959">
		<subfield code="a">NNU</subfield>
		<subfield code="b">WEB</subfield>
		<subfield code="c">GENI</subfield>
		<subfield code="t">0</subfield>
		<subfield code="m">Electronic access</subfield>
		<subfield code="s">01</subfield>
	</datafield>
	<datafield ind1=" " ind2=" " tag="999">
		<subfield code="i">UaCaAUL_b12751364</subfield>
		<subfield code="o">(OCoLC)ocm21120591</subfield>
		<subfield code="s">auc_aco000440</subfield>
		<subfield code="e">(ERROR-880)</subfield>
		<subfield code="s">auc_aco000440</subfield>
	</datafield>
</record>
